@misc{pdf-culturaydeporte,
	author = "{Ministerio de Cultura y Deporte}",
	title = "{Anuario de Estad√≠sticas Deportivas 2022. Instalaciones y espacios deportivos.}",
	howpublished = {\url{https://www.culturaydeporte.gob.es/dam/jcr:90d8389b-60eb-41b4-96c1-6f4734d356e5/nota-resumen-instalaciones-y-espacios-deportivos.pdf}},
	month = {},
	year = {2022},
	note = {(Accessed on 18/10/2022)}
}

@inproceedings{widoco,
	title="{WIDOCO: a wizard for documenting ontologies}",
	author="{Garijo, Daniel}",
	booktitle="{International Semantic Web Conference}",
	pages={94--102},
	year={2017},
	organization={Springer, Cham},
	doi = {10.1007/978-3-319-68204-4_9},
	funding = "{USNSF ICER-1541029, NIH 1R01GM117097-01}",
	url={http://dgarijo.com/papers/widoco-iswc2017.pdf}
}